% This file was created with JabRef 2.8.1.
% Encoding: Cp1252

@ARTICLE{billingsley_1976,
  author = {J. Billingsley and R. Kinns},
  title = {The acoustic telescope},
  journal = {Journal of Sound and Vibration},
  year = {1976},
  volume = {48},
  pages = {485 - 510},
  number = {4}
}

@ARTICLE{brooks_2006_damas,
  author = {T. F. Brooks and W. M. Humphreys},
  title = {A deconvolution approach for the mapping of acoustic sources (DAMAS)
	determined from phased microphone arrays},
  journal = {Journal of Sound and Vibration},
  year = {2006},
  volume = {294},
  pages = {856 - 879},
  number = {4}
}

@ARTICLE{capon,
  author = {Capon, J. },
  title = {High-Resolution Frequency-Wavenumber Spectrum Analysis},
  journal = {Proceedings of the IEEE},
  year = {1969},
  volume = {57},
  pages = {~p.~1408--1418},
  number = {8}
}

@ARTICLE{comesana_2013,
  author = {D. F. Comesa√±a and S. Steltenpool and G. C. Pousa and H.-E. de Bree
	and K. R. Holland},
  title = {Scan and Paint: Theory and Practice of a Sound Field Visualization
	Method},
  journal = {ISRN Mechanical Engineering},
  year = {2013},
  volume = {2013},
  number = {ID 241958}
}

@ARTICLE{dougherty_1998,
  author = {R. P. Dougherty and R. W. Stoker},
  title = {{Sidelobe suppression for phased array aeroacoustic measurements}},
  journal = {American Institute of Aeronautics and Astronautics},
  year = {1998},
  volume = {Paper 98-2242 }
}

@ARTICLE{hogborn_1974,
  author = {Hogbom, J. A},
  title = {{Aperture Synthesis with a Non-Regular Distribution of Interferometer
	Baselines}},
  journal = {Astron. Astrophys. Suppl. Ser.},
  year = {1974},
  volume = {15},
  pages = {417-426}
}

@ARTICLE{howell_1986,
  author = {G.P. Howell and A.J. Bradley and M.A. McCormick and J.D. Brown},
  title = {De-Dopplerization and acoustic imaging of aircraft flyover noise
	measurements},
  journal = {Journal of Sound and Vibration},
  year = {1986},
  volume = {105},
  pages = {151 - 167},
  number = {1}
}

@ARTICLE{li_2003,
  author = {Li, J. and Stoica, P. and Wang, Z.},
  title = {On Robust Capon Beamforming and Diagonal Loading},
  journal = {Trans. Sig. Proc.},
  year = {2003},
  volume = {51},
  pages = {1702--1715},
  number = {7}
}

@ARTICLE{maynard_1985,
  author = {J. D. Maynard and E. G. Williams and Y. Lee},
  title = {Nearfield acoustic holography: I. Theory of generalized holography
	and the development of NAH},
  journal = {The Journal of the Acoustical Society of America},
  year = {1985},
  volume = {78},
  pages = {1395-1413},
  number = {4}
}

@ARTICLE{schmidt_1986,
  author = {Schmidt, R. 0.},
  title = {Multiple Emitter Location and Signal Parameter Estimation},
  journal = {IEEE Transactions on antennas and propagation},
  year = {1986},
  volume = {AP-34},
  pages = {~p.~276--280},
  number = {3}
}

@book{smith,
	author={M. J. T. Smith},
	title={Aircraft noise},
	publisher={Cambridge University Press},
	year={1989}
}




