% Encoding: ISO-8859-1


@Article{Antoni2012,
  Title                    = {A bayesian approach to sound source reconstruction: {O}ptimal basis, regularization, and focusing},
  Author                   = {Antoni, J{\'e}r{\^o}me},
  Journal                  = {The Journal of the Acoustical Society of America},
  Year                     = {2012},
  Number                   = {4},
  Pages                    = {2873--2890},
  Volume                   = {131},

  File                     = {:antoni_2012.pdf:PDF},
  Owner                    = {adinsenmey},
  Publisher                = {ASA},
  Timestamp                = {2017.07.27}
}

@InProceedings{Antoni2010,
  Title                    = {Focalisation bay{\'e}sienne: une approche unifi{\'e}e du probl{\`e}me inverse en acoustique},
  Author                   = {Antoni, J{\'e}r{\^o}me},
  Booktitle                = {10{\`e}me Congr{\`e}s Fran{\c{c}}ais d'Acoustique},
  Year                     = {2010},

  File                     = {:antoni_2010_cfa.pdf:PDF},
  Owner                    = {adinsenmey},
  Timestamp                = {2017.07.27}
}

@InProceedings{Bahr2011,
  Title                    = {Measurement of phased array point spread functions for use with beamforming},
  Author                   = {Bahr, Chris and Zawodny, Nikolas S and Bertolucci, Brandon and Woolwine, Kyle and Liu, Fei and Li, Juan and Sheplak, Mark and Cattafesta, Louis},
  Booktitle                = {17th AIAA/CEAS Aeroacoustics Conference},
  Year                     = {2011},
  Month                    = {June},

  File                     = {psf:bahr_2011_PSF.pdf:PDF},
  Owner                    = {adinsenmey},
  Timestamp                = {2017.07.27}
}

@Article{Barsikow1988,
  Title                    = {On removing the {D}oppler frequency shift from array measurements of railway noise},
  Author                   = {Barsikow, B and King, WF},
  Journal                  = {Journal of Sound and Vibration},
  Year                     = {1988},
  Number                   = {1},
  Pages                    = {190--196},
  Volume                   = {120},

  File                     = {:barsikow_1988_doppler_beamforming.pdf:PDF},
  Owner                    = {adinsenmey},
  Publisher                = {Academic Press},
  Timestamp                = {2017.07.27}
}

@Article{Billingsley1976,
  Title                    = {The acoustic telescope},
  Author                   = {J. Billingsley and R. Kinns},
  Journal                  = {Journal of Sound and Vibration},
  Year                     = {1976},
  Number                   = {4},
  Pages                    = {485 - 510},
  Volume                   = {48},

  File                     = {:C\:\\Users\\adinsenmey\\Desktop\\these17\\DOCS\\precurseurs\\billingsley_1976.pdf:PDF}
}

@Article{Brooks2006,
  Title                    = {A deconvolution approach for the mapping of acoustic sources ({DAMAS}) determined from phased microphone arrays},
  Author                   = {T. F. Brooks and W. M. Humphreys},
  Journal                  = {Journal of Sound and Vibration},
  Year                     = {2006},
  Number                   = {4},
  Pages                    = {856 - 879},
  Volume                   = {294},

  File                     = {brooks_2006_damas.pdf:brooks_2006_damas.pdf:PDF}
}

@Article{Capon1969,
  Title                    = {High-Resolution Frequency-Wavenumber Spectrum Analysis},
  Author                   = {Capon, J.},
  Journal                  = {Proceedings of the IEEE},
  Year                     = {1969},
  Number                   = {8},
  Pages                    = {~p.~1408--1418},
  Volume                   = {57}
}

@InProceedings{Cheron2016,
  Title                    = {Conception et validation exp{\'e}rimentale d’une antenne d’acc{\'e}l{\'e}rom{\`e}tre pour la localisation de source en {\'e}coulement},
  Author                   = {Ch{\`e}ron, E and Leclere, Q and Pereira, A and Picard, C and Souchotte, P},
  Booktitle                = {Actes du CFA 2016},
  Year                     = {2016},

  File                     = {:cheron_cfa_2016.pdf:PDF},
  Owner                    = {adinsenmey},
  Review                   = {damas},
  Timestamp                = {2017.07.27}
}

@Article{Chen2001,
  Title                    = {Atomic decomposition by basis pursuit},
  Author                   = {Chen, Scott Shaobing and Donoho, David L and Saunders, Michael A},
  Journal                  = {SIAM review},
  Year                     = {2001},
  Number                   = {1},
  Pages                    = {129--159},
  Volume                   = {43},

  Owner                    = {alice},
  Publisher                = {SIAM},
  Timestamp                = {2017.08.21}
}

@PhdThesis{chu2013bayesian,
  Title                    = {Bayesian approach in acoustic source localization and imaging},
  Author                   = {Chu, Ning},
  School                   = {Universit{\'e} Paris Sud-Paris XI},
  Year                     = {2013},

  File                     = {:ning_chu_these_2013.pdf:PDF}
}

@Article{Comesana2013,
  Title                    = {Scan and Paint: Theory and Practice of a Sound Field Visualization Method},
  Author                   = {D. F. Comesa{\~{n}}a and S. Steltenpool and G. C. Pousa and H.-E. de Bree and K. R. Holland},
  Journal                  = {ISRN Mechanical Engineering},
  Year                     = {2013},
  Number                   = {ID 241958},

  File                     = {comesana_2013_scan.pdf:comesana_2013_scan.pdf:PDF},
  Review                   = {scan manuel}
}

@Article{Dougherty1998,
  Title                    = {Sidelobe suppression for phased array aeroacoustic measurements},
  Author                   = {R. P. Dougherty and R. W. Stoker},
  Journal                  = {American Institute of Aeronautics and Astronautics},
  Year                     = {1998},
  Volume                   = {Paper 98-2242},

  File                     = {dougherty_1998.pdf:dougherty_1998.pdf:PDF}
}

@InProceedings{Fischer2016,
  Title                    = {TIME-DOMAIN IMAGING TECHNIQUES FOR AEROACOUSTIC SOURCES},
  Author                   = {Fischer, J and Rakotoarisoa, I and Valeau, V and Marx, D and Prax, C and Brizzi, LE},
  Booktitle                = {BeBeC},
  Year                     = {2016},

  File                     = {BEBEC 2016:fischer_2016_bebec.pdf:PDF},
  Owner                    = {adinsenmey},
  Timestamp                = {2017.07.27}
}

@Article{Fisher1977,
  Title                    = {Jet engine noise source location: The polar correlation technique},
  Author                   = {Fisher, MJ and Harper-Bourne, M and Glegg, SAL},
  Journal                  = {Journal of Sound and Vibration},
  Year                     = {1977},
  Number                   = {1},
  Pages                    = {23--54},
  Volume                   = {51},

  File                     = {:fisher_1977_polar_correlation.pdf:PDF},
  Owner                    = {adinsenmey},
  Publisher                = {Elsevier},
  Timestamp                = {2017.07.27}
}

@Article{flynn1976multiplicative,
  Title                    = {Multiplicative signal processing for sound source location on jet engines},
  Author                   = {Flynn, OE and Kinns, R},
  Journal                  = {Journal of Sound and Vibration},
  Year                     = {1976},
  Number                   = {1},
  Pages                    = {137--150},
  Volume                   = {46},

  File                     = {:precurseurs\\flynn_1976.pdf:PDF},
  Publisher                = {Elsevier}
}

@Article{Hogbom1974,
  Title                    = {Aperture Synthesis with a Non-Regular Distribution of Interferometer Baselines},
  Author                   = {Hogbom, J. A},
  Journal                  = {Astron. Astrophys. Suppl. Ser.},
  Year                     = {1974},
  Pages                    = {417-426},
  Volume                   = {15}
}

@Article{Howell1986,
  Title                    = {De-Dopplerization and acoustic imaging of aircraft flyover noise measurements},
  Author                   = {G.P. Howell and A.J. Bradley and M.A. McCormick and J.D. Brown},
  Journal                  = {Journal of Sound and Vibration},
  Year                     = {1986},
  Number                   = {1},
  Pages                    = {151 - 167},
  Volume                   = {105},

  File                     = {howell_1986_BF_dedopplerization.pdf:howell_1986_BF_dedopplerization.pdf:PDF}
}

@InProceedings{Jiang2003,
  author    = {Jiang, Yi and Stoica, Petre and Wang, Zhisong and Li, Jian},
  title     = {Capon beamforming in the presence of steering vector errors and coherent signals},
  booktitle = {11th Annual Workshop on Adaptive Sensor Array Processing (ASAP 2003), MIT Lincoln Laboratory, Lexington, MA},
  year      = {2003},
  owner     = {alice},
  timestamp = {2017.08.23},
}

@PhdThesis{LeMagueresse2016,
  Title                    = {Approche multidimensionnelle du probl{\`e}me d’identification acoustique inverse},
  Author                   = {Le Magueresse, Thibaut},
  School                   = {INSA Lyon},
  Year                     = {2016},

  File                     = {:lemagueresse_2016_these.pdf:PDF},
  Owner                    = {adinsenmey},
  Timestamp                = {2017.07.27}
}

@Article{Leclere2017,
  Title                    = {A unified formalism for acoustic imaging based on microphone array measurements},
  Author                   = {Lecl{\`e}re, Q and Pereira, A and Bailly, C and Antoni, J and Picard, C},
  Journal                  = {International Journal of Aeroacoustics},
  Year                     = {2017},
  Number                   = {4-5},
  Pages                    = {431--456},
  Volume                   = {16},

  File                     = {:leclere_2017.pdf:PDF},
  Owner                    = {adinsenmey},
  Publisher                = {SAGE Publications Sage UK: London, England},
  Timestamp                = {2017.07.27}
}

@Article{Leclere2015,
  Title                    = {Acoustic beamforming through a thin plate using vibration measurements},
  Author                   = {Lecl{\`e}re, Quentin and Picard, Christophe},
  Journal                  = {The Journal of the Acoustical Society of America},
  Year                     = {2015},
  Number                   = {6},
  Pages                    = {3385--3392},
  Volume                   = {137},

  File                     = {:leclere_2015.pdf:PDF},
  Owner                    = {adinsenmey},
  Publisher                = {ASA},
  Timestamp                = {2017.07.27}
}

@InProceedings{Leclere2016,
  Title                    = {Design and experimental validation of an array of accelerometers for in-flow acoustic beamforming applications},
  Author                   = {Leclere, Quentin and Ch{\'e}ron, Elie and Pereira, Antonio and Picard, Christophe and Souchotte, Pascal},
  Booktitle                = {22nd AIAA/CEAS Aeroacoustics Conference, 2016},
  Year                     = {2016},

  File                     = {:leclere_2016.pdf:PDF},
  Owner                    = {adinsenmey},
  Timestamp                = {2017.07.27}
}

@Article{Li2003,
  Title                    = {On Robust {C}apon Beamforming and Diagonal Loading},
  Author                   = {Li, J. and Stoica, P. and Wang, Z.},
  Journal                  = {Trans. Sig. Proc.},
  Year                     = {2003},
  Number                   = {7},
  Pages                    = {1702--1715},
  Volume                   = {51}
}

@Article{Mallat1993,
  Title                    = {Matching pursuits with time-frequency dictionaries},
  Author                   = {Mallat, St{\'e}phane G and Zhang, Zhifeng},
  Journal                  = {IEEE Transactions on signal processing},
  Year                     = {1993},
  Number                   = {12},
  Pages                    = {3397--3415},
  Volume                   = {41},

  File                     = {:Mallat1993.pdf:PDF},
  Owner                    = {adinsenmey},
  Publisher                = {IEEE},
  Review                   = {MP},
  Timestamp                = {2017.08.21}
}

@Article{Maynard1985,
  Title                    = {{Nearfield acoustic holography: I. Theory of generalized holography and the development of NAH}},
  Author                   = {J. D. Maynard and E. G. Williams and Y. Lee},
  Journal                  = {The Journal of the Acoustical Society of America},
  Year                     = {1985},
  Number                   = {4},
  Pages                    = {1395-1413},
  Volume                   = {78},

  File                     = {maynard_1985_NAH.pdf:maynard_1985_NAH.pdf:PDF}
}

@InProceedings{Michel2006,
  Title                    = {History of acoustic beamforming},
  Author                   = {Michel, Ulf},
  Booktitle                = {1st. Berlin Beamforming Conference},
  Year                     = {2006},

  File                     = {:michel_2006_beamforming_review.pdf:PDF},
  Owner                    = {adinsenmey},
  Timestamp                = {2017.07.27}
}

@Article{Nelson2000,
  Title                    = {{Estimation of acoustic source strength by inverse methods: Part I, conditioning of the inverse problem}},
  Author                   = {Nelson, Philip A and Yoon, Seong-Ho},
  Journal                  = {Journal of sound and vibration},
  Year                     = {2000},
  Number                   = {4},
  Pages                    = {639--664},
  Volume                   = {233},

  File                     = {:nelson_2000_regularization_review.pdf:PDF},
  Owner                    = {adinsenmey},
  Publisher                = {Elsevier},
  Timestamp                = {2017.07.27}
}

@PhdThesis{Padois2011,
  Title                    = {Localisation de source acoustique en soufflerie an{\'e}cho{\"\i}que par deux techniques d’antennerie: formation de voies et retournement temporel num{\'e}rique},
  Author                   = {Padois, Thomas},
  School                   = {Universit{\'e} de Poitiers},
  Year                     = {2011},

  File                     = {:padois_2011_these_BF_soufflerie.pdf:PDF},
  Groups                   = {Sources aéro},
  Owner                    = {adinsenmey},
  Timestamp                = {2017.07.27}
}

@InProceedings{Pascal2009,
  Title                    = {Hybrid beamforming technique to combine some advantages of data independent and data dependent methods},
  Author                   = {Pascal, Jean-Claude and Li, Jing-Fang},
  Booktitle                = {INTER-NOISE and NOISE-CON Congress and Conference Proceedings},
  Year                     = {2009},
  Number                   = {2},
  Organization             = {Institute of Noise Control Engineering},
  Pages                    = {4758--4765},
  Volume                   = {2009},

  File                     = {:Pascal_2009_BF.pdf:PDF},
  Owner                    = {adinsenmey},
  Timestamp                = {2017.07.27}
}

@InProceedings{Pati1993,
  Title                    = {Orthogonal matching pursuit: Recursive function approximation with applications to wavelet decomposition},
  Author                   = {Pati, Yagyensh Chandra and Rezaiifar, Ramin and Krishnaprasad, Perinkulam Sambamurthy},
  Booktitle                = {Signals, Systems and Computers, 1993. 1993 Conference Record of The Twenty-Seventh Asilomar Conference on},
  Year                     = {1993},
  Organization             = {IEEE},
  Pages                    = {40--44},

  File                     = {:Pati1993.pdf:PDF},
  Owner                    = {adinsenmey},
  Review                   = {OMP},
  Timestamp                = {2017.08.21}
}

@PhdThesis{pene2015antennerie,
  Title                    = {Antennerie num{\'e}rique pour la caract{\'e}risation de sources a{\'e}roacoustiques en milieu complexe},
  Author                   = {Pene, Yves},
  School                   = {Paris 6},
  Year                     = {2015},

  File                     = {:theses_divers_aeroacoustics\\pene_2015_these.pdf:PDF}
}

@PhdThesis{Pereira2013,
  Title                    = {Acoustic imaging in enclosed spaces},
  Author                   = {Pereira, Antonio},
  School                   = {INSA de Lyon},
  Year                     = {2013},

  File                     = {:pereira_2013_these.pdf:PDF},
  Owner                    = {adinsenmey},
  Timestamp                = {2017.07.27}
}

@Article{Pereira2015,
  Title                    = {Empirical Bayesian regularization of the inverse acoustic problem},
  Author                   = {Pereira, Antonio and Antoni, J{\'e}r{\^o}me and Leclere, Q},
  Journal                  = {Applied Acoustics},
  Year                     = {2015},
  Pages                    = {11--29},
  Volume                   = {97},

  File                     = {:Pereira_2015.pdf:PDF},
  Owner                    = {adinsenmey},
  Publisher                = {Elsevier},
  Timestamp                = {2017.08.17}
}

@PhdThesis{reboul2010modelisation,
  Title                    = {Mod{\'e}lisation du bruit {\`a} large bande de soufflantes de turbor{\'e}acteurs.},
  Author                   = {Reboul, Gabriel},
  School                   = {Ecole Centrale de Lyon},
  Year                     = {2010},

  File                     = {:theses_divers_aeroacoustics\\greboul_bruit_soufflantel.pdf:PDF}
}

@Article{Schmidt1986,
  Title                    = {Multiple Emitter Location and Signal Parameter Estimation},
  Author                   = {Schmidt, R. 0.},
  Journal                  = {IEEE Transactions on antennas and propagation},
  Year                     = {1986},
  Number                   = {3},
  Pages                    = {~p.~276--280},
  Volume                   = {AP-34}
}

@Book{Smith1989,
  Title                    = {Aircraft noise},
  Author                   = {M. J. T. Smith},
  Publisher                = {Cambridge University Press},
  Year                     = {1989},

  File                     = {:[Michael_J._T._Smith]_Aircraft_Noise_(Cambridge_Ae(BookFi).pdf:PDF},
  Groups                   = {Sources aéro}
}

@Article{Tibshirani1996,
  author    = {Tibshirani, Robert},
  title     = {Regression shrinkage and selection via the lasso},
  journal   = {Journal of the Royal Statistical Society. Series B (Methodological)},
  year      = {1996},
  volume    = {58},
  pages     = {267--288},
  owner     = {alice},
  publisher = {JSTOR},
  timestamp = {2017.08.22},
}

@Article{Yoon2000,
  Title                    = {{Estimation of acoustic source strength by inverse methods: Part II, experimental investigation of methods for choosing regularization parameters}},
  Author                   = {Yoon, Seong-Ho and Nelson, Philip A},
  Journal                  = {Journal of sound and vibration},
  Year                     = {2000},
  Number                   = {4},
  Pages                    = {665--701},
  Volume                   = {233},

  File                     = {:nelson_2000_part2.pdf:PDF},
  Owner                    = {adinsenmey},
  Publisher                = {Elsevier},
  Timestamp                = {2017.07.27}
}

@Article{Tikhonov1963,
  author    = {Tikhonov, Andrey},
  title     = {Solution of incorrectly formulated problems and the regularization method},
  journal   = {Soviet Meth. Dokl.},
  year      = {1963},
  volume    = {4},
  pages     = {1035--1038},
  owner     = {alice},
  timestamp = {2017.08.24},
}

@Article{Hald2009,
  author    = {Hald, J{\o}rgen},
  title     = {Basic theory and properties of statistically optimized near-field acoustical holography},
  journal   = {The Journal of the Acoustical Society of America},
  year      = {2009},
  volume    = {125},
  number    = {4},
  pages     = {2105--2120},
  owner     = {alice},
  publisher = {ASA},
  review    = {sonah},
  timestamp = {2017.08.25},
}

@Article{Wang1997,
  author    = {Wang, Zhaoxi and Wu, Sean F},
  title     = {Helmholtz equation--least-squares method for reconstructing the acoustic pressure field},
  journal   = {The Journal of the Acoustical Society of America},
  year      = {1997},
  volume    = {102},
  number    = {4},
  pages     = {2020--2032},
  owner     = {alice},
  publisher = {ASA},
  review    = {SEM ESM
HELS},
  timestamp = {2017.08.25},
}

@Article{Tropp2010,
  author        = {Tropp, Joel A and Wright, Stephen J},
  title         = {Computational methods for sparse solution of linear inverse problems},
  journal       = {Proceedings of the IEEE},
  year          = {2010},
  volume        = {98},
  number        = {6},
  pages         = {948--958},
  __markedentry = {[adinsenmey:]},
  owner         = {adinsenmey},
  publisher     = {IEEE},
  timestamp     = {2017.08.28},
}

@InProceedings{Bahr2011a,
  author        = {Bahr, Chris and Zawodny, Nikolas S and Bertolucci, Brandon and Woolwine, Kyle and Liu, Fei and Li, Juan and Sheplak, Mark and Cattafesta, Louis},
  title         = {Measurement of phased array point spread functions for use with beamforming},
  booktitle     = {17th AIAA/CEAS Aeroacoustics Conference},
  year          = {2011},
  volume        = {2767},
  publisher     = {American Institute of Aeronautics and Astronautics},
  __markedentry = {[adinsenmey:6]},
  owner         = {adinsenmey},
  timestamp     = {2017.08.28},
}

@Comment{jabref-meta: databaseType:bibtex;}

@Comment{jabref-meta: fileDirectory:C:\\Users\\adinsenmey\\Desktop\\these17\\DOCS;}
