% Encoding: UTF-8

@Article{Aujogue2016,
  author        = {Aujogue, K{\'e}lig and Poth{\'e}rat, Alban and Bates, Ian and Debray, Fran{\c{c}}ois and Sreenivasan, Binod},
  title         = {Little Earth Experiment: An instrument to model planetary cores},
  journal       = {Review of Scientific Instruments},
  year          = {2016},
  volume        = {87},
  number        = {8},
  pages         = {084502},
  __markedentry = {[adinsenmey:6]},
  publisher     = {AIP Publishing},
}

@Comment{jabref-meta: databaseType:bibtex;}
