% Encoding: UTF-8

@Article{Ge2011,
  author        = {Ge, Di and Idier, J{\'e}r{\^o}me and Le Carpentier, Eric},
  title         = {Enhanced sampling schemes for MCMC based blind Bernoulli--Gaussian deconvolution},
  journal       = {Signal Processing},
  year          = {2011},
  volume        = {91},
  number        = {4},
  pages         = {759--772},
  __markedentry = {[adinsenmey:6]},
  publisher     = {Elsevier},
}

@InCollection{Dougherty2002,
  author        = {Dougherty, Robert P},
  title         = {Beamforming in acoustic testing},
  booktitle     = {Aeroacoustic Measurements},
  publisher     = {Springer},
  year          = {2002},
  pages         = {62--97},
  __markedentry = {[adinsenmey:6]},
}

@Article{veit2008reechantillonnage,
  author    = {Veit, Thomas and Idier, J{\'e}r{\^o}me and Moussaoui, Sa{\"\i}d},
  title     = {R{\'e}{\'e}chantillonnage de lâ€™{\'e}chelle dans les algorithmes MCMC pour les probl{\`e}mes inverses bilin{\'e}aires},
  year      = {2008},
  publisher = {GRETSI, Saint Martin d'H{\`e}res, France},
}

@Comment{jabref-meta: databaseType:bibtex;}
